%% This BibTeX bibliography file was created using BibDesk.
%% http://bibdesk.sourceforge.net/


%% Created for Joseph Casillas at 2013-10-12 18:19:44 -0700 


%% Saved with string encoding Unicode (UTF-8) 



@article{gorjian2013using,
	Author = {Gorjian, Bahman and Hayati, Abdolmajid and Pourkhoni, Parisa},
	Date-Added = {2013-10-13 01:19:08 +0000},
	Date-Modified = {2013-10-13 01:19:08 +0000},
	Journal = {Procedia-Social and Behavioral Sciences},
	Pages = {34--40},
	Publisher = {Elsevier},
	Title = {Using Praat Software in Teaching Prosodic Features to EFL Learners},
	Volume = {84},
	Year = {2013}}

@inbook{mahboob_2010fk,
	Author = {Mahboob, A.},
	Chapter = {The NNEST lens},
	Date-Added = {2013-09-27 15:34:52 +0000},
	Date-Modified = {2013-09-27 15:34:52 +0000},
	Editor = {Mahboob, A.},
	Publisher = {Newcastle: Cambridge Scholars},
	Title = {The NNEST lens: Non native English speakers in TESOL},
	Year = {2010}}

@inbook{lippi-green_2012lr,
	Author = {Lippi-Green, R.},
	Chapter = {Language subordination},
	Date-Added = {2013-09-27 15:33:06 +0000},
	Date-Modified = {2013-09-27 15:33:06 +0000},
	Editor = {Lippi-Green, R.},
	Pages = {66},
	Publisher = {London; New York: Routledge},
	Title = {English with an accent: Language, ideology and discrimination in the United States},
	Year = {2012}}

@book{pennycook2001critical,
	Author = {Pennycook, Alastair},
	Date-Added = {2013-09-04 18:44:57 +0000},
	Date-Modified = {2013-09-04 18:44:57 +0000},
	Publisher = {Routledge},
	Title = {Critical applied linguistics: A critical introduction},
	Year = {2001}}

@book{soep2010drop,
	Author = {Soep, Elisabeth and Ch{\'a}vez, Vivian},
	Date-Added = {2013-09-04 18:44:34 +0000},
	Date-Modified = {2013-09-04 18:44:34 +0000},
	Publisher = {Univ of California Press},
	Title = {Drop that knowledge: youth radio stories},
	Year = {2010}}

@book{richard2010making,
	Author = {Richard-Amato, Patricia A},
	Date-Added = {2013-09-04 18:44:06 +0000},
	Date-Modified = {2013-09-04 18:44:06 +0000},
	Publisher = {Pearson Education},
	Title = {Making it happen: From interactive to participatory language teaching: Evolving theory and practice},
	Year = {2010}}

@article{prensky2001digital,
	Author = {Prensky, Marc},
	Date-Added = {2013-09-04 18:43:29 +0000},
	Date-Modified = {2013-09-04 18:43:29 +0000},
	Journal = {On the horizon},
	Number = {5},
	Pages = {1--6},
	Publisher = {MCB UP Ltd},
	Title = {Digital natives, digital immigrants part 1},
	Volume = {9},
	Year = {2001}}

@inbook{Johnson:2011fk,
	Author = {Johnson, K. and Golombek, P.},
	Chapter = {A sociocultural theoretical perspective on teacher professional development},
	Date-Added = {2013-09-04 18:39:31 +0000},
	Date-Modified = {2013-09-04 18:41:20 +0000},
	Editor = {Johnson, K. and Golombek, P.},
	Publisher = {Taylor \& Francis},
	Title = {Research on Second Language Teacher Education : A Sociocultural Perspective on Professional Development},
	Year = {2011}}

@book{lantolf2000sociocultural,
	Author = {Lantolf, James P},
	Date-Added = {2013-09-04 18:38:36 +0000},
	Date-Modified = {2013-09-04 18:38:36 +0000},
	Publisher = {Oxford University Press},
	Title = {Sociocultural theory and second language learning},
	Year = {2000}}

@article{gonen2012teaching,
	Author = {Gonen, S and Saglam, Sercan},
	Date-Added = {2013-09-04 18:38:01 +0000},
	Date-Modified = {2013-09-04 18:38:01 +0000},
	Journal = {International Journal of Global Education},
	Number = {3},
	Title = {Teaching Culture In The Fl Classroom: Teachers' Perspectives},
	Volume = {1},
	Year = {2012}}

@article{grgurovic2011blended,
	Author = {Grgurovi{\'c}, Maja},
	Date-Added = {2013-09-04 18:37:12 +0000},
	Date-Modified = {2013-09-04 18:37:12 +0000},
	Journal = {CALICO Journal},
	Number = {1},
	Pages = {100--117},
	Title = {Blended learning in an ESL class: a case study},
	Volume = {29},
	Year = {2011}}
